%
% BibTex Database
% ===========================================================================
% This is part of the document "Project documentation template".
% Authors: brd3
%

@misc{ wiki:mst,
   author = "Wikipedia",
   title = "Minimum spanning tree --- Wikipedia{,} The Free Encyclopedia",
   year = "2015",
   url = "http://en.wikipedia.org/w/index.php?title=Minimum_spanning_tree&oldid=660266484",
   note = "[Online; accessed 3-May-2015]"
}
 
 
@misc{ wiki:boruvka, 
  author = "Wikipedia",
  title = "Borůvka's algorithm --- Wikipedia{,} The Free Encyclopedia",
  year = "2015",
  url = "http://en.wikipedia.org/w/index.php?title=Bor%C5%AFvka%27s_algorithm&oldid=653267410",
  note = "[Online; accessed 3-May-2015]"
}
 
@book{goodrich2006algorithm,
  title={Algorithm design: foundation, analysis and internet examples},
  author={Goodrich, Michael T and Tamassia, Roberto},
  year={2006},
  publisher={John Wiley \& Sons}
}

@misc{ wiki:dijkstra,
  author = "Wikipedia",
  title = "Dijkstra's algorithm --- Wikipedia{,} The Free Encyclopedia",
  year = "2015",
  url = "http://en.wikipedia.org/w/index.php?title=Dijkstra%27s_algorithm&oldid=661260204",
  note = "[Online; accessed 9-May-2015]"
}


@article{hedrick1988routing,
  title={Routing information protocol},
  author={Hedrick, Charles L},
  year={1988}
}

@misc{moy1998rfc,
  title={rfc 2328: Ospf version 2},
  author={Moy, John},
  year={1998},
  publisher={April}
}

@misc{ wiki:bellmannFord,
  author = "Wikipedia",
  title = "Bellman–Ford algorithm --- Wikipedia{,} The Free Encyclopedia",
  year = "2015",
  url = "http://en.wikipedia.org/w/index.php?title=Bellman%E2%80%93Ford_algorithm&oldid=659009747",
  note = "[Online; accessed 9-May-2015]"
}
